@MASTERSTHESIS{bib1,
  title = {Diseño de un sistema inteligente de recuento de Unidades Docentes para la Escuela de Ingeniería y Ciencias},
  school = {Universidad de Chile, Facultad de Ciencias Físicas y Matemáticas},
  year = {2003},
  author = {Nelson Valdivia},
  address = {Santiago}
}

@MASTERSTHESIS{bib2,
  title = {Diseño y construccion de un sistema de apoyo a la verificación del cumplimiento del plan de estudio en la Facultad de Ciencias Físicas y Matemáticas},
  school = {Universidad de Chile, Facultad de Ciencias Físicas y Matemáticas},
  year = {2005},
  author = {José Miguel Garrido},
  address = {Santiago}
}


@BOOK{bib3,
  title = {Knapsack Problems, Algorithms and Computer Implementations},
  publisher = {J. Wiley & Sons},
	address = {New York},
  year = {1990},
  author = {Silvano Martello{,} Paolo Toth}
}

@INCOLLECTION{bib4,
	title = {Lower bounds and reduction procedures for the bin packing problem},
	booktitle = {Discrete Applied Mathematics},
	pages = {59-70},
	author = {Silvano Martello{,} Paolo Toth},
	publisher = {Elsevier Science Publishers B.V.},
	address = {North Holland},
	year = {1990}
}

@MISC{bib6,
	title = {Reglamento de Estudios de la Facultad de Ciencias Físicas y Matemáticas (Plan 2007)},
	howpublished = "\url{http://escuela.ing.uchile.cl/normas-y-reglamentos/reglamento-de-estudios-plan-2007}",
	author = {Universidad de Chile},
	note = "[En linea]"
}
